{
  "leader": "02641cam a2200517 i 4500",
  "fields": [
    {
      "001": "ocm36012835\\"
    },
    {
      "003": "OCoLC"
    },
    {
      "005": "20220701130117.0"
    },
    {
      "008": "830110s1959\\\\\\\\enk\\\\\\\\\\\\b\\\\\\\\001\\0\\eng\\d"
    },
    {
      "010": {
        "ind1": "\\",
        "ind2": "\\",
        "subfields": [
          {
            "a": "   59065066 "
          }
        ]
      }
    },
    {
      "040": {
        "ind1": "\\",
        "ind2": "\\",
        "subfields": [
          {
            "a": "ZCU"
          },
          {
            "b": "eng"
          },
          {
            "e": "rda"
          },
          {
            "c": "ZCU"
          },
          {
            "d": "CIT"
          },
          {
            "d": "CSU"
          },
          {
            "d": "SER"
          },
          {
            "d": "EL{dollar}"
          },
          {
            "d": "OCLCQ"
          },
          {
            "d": "LVB"
          },
          {
            "d": "DRB"
          },
          {
            "d": "LSH"
          },
          {
            "d": "NIALS"
          },
          {
            "d": "OCLCQ"
          },
          {
            "d": "UKMGB"
          },
          {
            "d": "DEBBG"
          },
          {
            "d": "OCLCF"
          },
          {
            "d": "OCLCO"
          },
          {
            "d": "OCLCQ"
          },
          {
            "d": "SNU"
          },
          {
            "d": "OCLCO"
          },
          {
            "d": "OCL"
          },
          {
            "d": "OCLCQ"
          },
          {
            "d": "NLC"
          },
          {
            "d": "UKUOY"
          },
          {
            "d": "OCLCQ"
          },
          {
            "d": "DCHUA"
          },
          {
            "d": "OCLCQ"
          },
          {
            "d": "TXI"
          },
          {
            "d": "OCLCQ"
          },
          {
            "d": "PHA"
          },
          {
            "d": "FIE"
          },
          {
            "d": "BEDGE"
          },
          {
            "d": "W2U"
          },
          {
            "d": "CHUNN"
          },
          {
            "d": "OCLCO"
          },
          {
            "d": "OCLCQ"
          },
          {
            "d": "OCLCO"
          }
        ]
      }
    },
    {
      "015": {
        "ind1": "\\",
        "ind2": "\\",
        "subfields": [
          {
            "a": "GB5913661"
          },
          {
            "2": "bnb"
          }
        ]
      }
    },
    {
      "016": {
        "ind1": "\\",
        "ind2": "\\",
        "subfields": [
          {
            "a": "(AMICUS)000003344560"
          }
        ]
      }
    },
    {
      "016": {
        "ind1": "7",
        "ind2": "\\",
        "subfields": [
          {
            "a": "002239792"
          },
          {
            "2": "Uk"
          }
        ]
      }
    },
    {
      "016": {
        "ind1": "7",
        "ind2": "\\",
        "subfields": [
          {
            "a": "010928567"
          },
          {
            "2": "Uk"
          }
        ]
      }
    },
    {
      "016": {
        "ind1": "7",
        "ind2": "\\",
        "subfields": [
          {
            "a": "014337352"
          },
          {
            "2": "Uk"
          }
        ]
      }
    },
    {
      "019": {
        "ind1": "\\",
        "ind2": "\\",
        "subfields": [
          {
            "a": "2184512"
          },
          {
            "a": "19290935"
          },
          {
            "a": "492079418"
          },
          {
            "a": "500459376"
          },
          {
            "a": "502236759"
          },
          {
            "a": "835187125"
          },
          {
            "a": "1001084129"
          },
          {
            "a": "1082944927"
          },
          {
            "a": "1248477444"
          },
          {
            "a": "1252190947"
          }
        ]
      }
    },
    {
      "035": {
        "ind1": "\\",
        "ind2": "\\",
        "subfields": [
          {
            "a": "(OCoLC)36012835"
          },
          {
            "z": "(OCoLC)2184512"
          },
          {
            "z": "(OCoLC)19290935"
          },
          {
            "z": "(OCoLC)492079418"
          },
          {
            "z": "(OCoLC)500459376"
          },
          {
            "z": "(OCoLC)502236759"
          },
          {
            "z": "(OCoLC)835187125"
          },
          {
            "z": "(OCoLC)1001084129"
          },
          {
            "z": "(OCoLC)1082944927"
          },
          {
            "z": "(OCoLC)1248477444"
          },
          {
            "z": "(OCoLC)1252190947"
          }
        ]
      }
    },
    {
      "043": {
        "ind1": "\\",
        "ind2": "\\",
        "subfields": [
          {
            "a": "e------"
          }
        ]
      }
    },
    {
      "050": {
        "ind1": "0",
        "ind2": "0",
        "subfields": [
          {
            "a": "JN94"
          },
          {
            "b": ".P6"
          }
        ]
      }
    },
    {
      "055": {
        "ind1": "\\",
        "ind2": "1",
        "subfields": [
          {
            "a": "JN94.P6"
          }
        ]
      }
    },
    {
      "082": {
        "ind1": "0",
        "ind2": "0",
        "subfields": [
          {
            "a": "341.184"
          },
          {
            "b": "POL"
          }
        ]
      }
    },
    {
      "110": {
        "ind1": "2",
        "ind2": "\\",
        "subfields": [
          {
            "a": "Political and Economic Planning,"
          },
          {
            "e": "author."
          }
        ]
      }
    },
    {
      "245": {
        "ind1": "1",
        "ind2": "0",
        "subfields": [
          {
            "a": "European organisations."
          }
        ]
      }
    },
    {
      "264": {
        "ind1": "\\",
        "ind2": "1",
        "subfields": [
          {
            "a": "London :"
          },
          {
            "b": "Political and Economic Planning,"
          },
          {
            "c": "[1959]"
          }
        ]
      }
    },
    {
      "264": {
        "ind1": "\\",
        "ind2": "3",
        "subfields": [
          {
            "a": "London :"
          },
          {
            "b": "G. Allen & Unwin,"
          },
          {
            "c": "1961."
          }
        ]
      }
    },
    {
      "264": {
        "ind1": "\\",
        "ind2": "4",
        "subfields": [
          {
            "c": "\u00a91959"
          }
        ]
      }
    },
    {
      "300": {
        "ind1": "\\",
        "ind2": "\\",
        "subfields": [
          {
            "a": "xvi, 372 pages ;"
          },
          {
            "c": "23 cm"
          }
        ]
      }
    },
    {
      "336": {
        "ind1": "\\",
        "ind2": "\\",
        "subfields": [
          {
            "a": "text"
          },
          {
            "b": "txt"
          },
          {
            "2": "rdacontent"
          }
        ]
      }
    },
    {
      "337": {
        "ind1": "\\",
        "ind2": "\\",
        "subfields": [
          {
            "a": "unmediated"
          },
          {
            "b": "n"
          },
          {
            "2": "rdamedia"
          }
        ]
      }
    },
    {
      "338": {
        "ind1": "\\",
        "ind2": "\\",
        "subfields": [
          {
            "a": "volume"
          },
          {
            "b": "nc"
          },
          {
            "2": "rdacarrier"
          }
        ]
      }
    },
    {
      "340": {
        "ind1": "\\",
        "ind2": "\\",
        "subfields": [
          {
            "m": "8vo."
          },
          {
            "2": "rdabf"
          }
        ]
      }
    },
    {
      "504": {
        "ind1": "\\",
        "ind2": "\\",
        "subfields": [
          {
            "a": "Includes bibliographical references (pages 356-357) and index."
          }
        ]
      }
    },
    {
      "505": {
        "ind1": "0",
        "ind2": "\\",
        "subfields": [
          {
            "a": "European co-operation since the Second World War.--The Economic Commission for Europe.--The Organisation for European Economic Co-operation.--The Council of Europe.--The North Atlantic Treaty Organisation.--Western European Union.--The European Coal and Steel Community.--The European Economic Community.--The European Atomic Energy Community.--Summary and conclusions."
          }
        ]
      }
    },
    {
      "650": {
        "ind1": "\\",
        "ind2": "0",
        "subfields": [
          {
            "a": "International agencies"
          },
          {
            "z": "Europe."
          }
        ]
      }
    },
    {
      "650": {
        "ind1": "\\",
        "ind2": "0",
        "subfields": [
          {
            "a": "European federation."
          }
        ]
      }
    },
    {
      "651": {
        "ind1": "\\",
        "ind2": "0",
        "subfields": [
          {
            "a": "Europe"
          },
          {
            "x": "Politics and government"
          },
          {
            "y": "1945-"
          }
        ]
      }
    },
    {
      "650": {
        "ind1": "\\",
        "ind2": "7",
        "subfields": [
          {
            "a": "European federation."
          },
          {
            "2": "fast"
          },
          {
            "0": "(OCoLC)fst00916717"
          }
        ]
      }
    },
    {
      "650": {
        "ind1": "\\",
        "ind2": "7",
        "subfields": [
          {
            "a": "International agencies."
          },
          {
            "2": "fast"
          },
          {
            "0": "(OCoLC)fst00976708"
          }
        ]
      }
    },
    {
      "650": {
        "ind1": "\\",
        "ind2": "7",
        "subfields": [
          {
            "a": "Politics and government"
          },
          {
            "2": "fast"
          },
          {
            "0": "(OCoLC)fst01919741"
          }
        ]
      }
    },
    {
      "651": {
        "ind1": "\\",
        "ind2": "7",
        "subfields": [
          {
            "a": "Europe."
          },
          {
            "2": "fast"
          },
          {
            "0": "(OCoLC)fst01245064"
          }
        ]
      }
    },
    {
      "648": {
        "ind1": "\\",
        "ind2": "7",
        "subfields": [
          {
            "a": "Since 1945"
          },
          {
            "2": "fast"
          }
        ]
      }
    },
    {
      "776": {
        "ind1": "0",
        "ind2": "8",
        "subfields": [
          {
            "i": "Online version:"
          },
          {
            "a": "Political and Economic Planning."
          },
          {
            "t": "European organisations."
          },
          {
            "d": "London : Political and Economic Planning : G. Allen & Unwin, \u00a91959 (1961 printing)"
          },
          {
            "w": "(OCoLC)576749878"
          }
        ]
      }
    },
    {
      "994": {
        "ind1": "\\",
        "ind2": "\\",
        "subfields": [
          {
            "a": "Z0"
          },
          {
            "b": "NYRVC"
          }
        ]
      }
    },
    {
      "948": {
        "ind1": "\\",
        "ind2": "\\",
        "subfields": [
          {
            "h": "NO HOLDINGS IN NYRVC - 310 OTHER HOLDINGS"
          }
        ]
      }
    },
    {
      "999": {
        "ind1": "\\",
        "ind2": "\\",
        "subfields": [
          {
            "a": "00000000019920"
          }
        ]
      }
    }
  ]
}